@book{lavalle2006planning,
    title={Planning Algorithms},
    author={LaValle, Steven M},
    year={2006},
    publisher={Cambridge University Press}
}
@article{hart1968formal,
    author    = {Peter E. Hart and Nils J. Nilsson and Bertram Raphael},
    title     = {A Formal Basis for the Heuristic Determination of Minimum Cost Paths},
    journal   = {IEEE Transactions on Systems Science and Cybernetics},
    volume    = {4},
    number    = {2},
    pages     = {100--107},
    year      = {1968},
    publisher = {IEEE}
}
@article{alamdari2012latency,
    author    = {Alamdari, Mohammad and Ghadiri, Mohammad and Ghadiri, Mohammad},
    title     = {Latency Graph Problem},
    journal   = {arXiv:/1202.5619},
    year      = {2012}
}
@article{lozano1979algorithm,
  author    = {Tom{\'a}s Lozano-P{\'e}rez and Michael A. Wesley},
  title     = {An algorithm for planning collision-free paths among polyhedral obstacles},
  journal   = {Communications of the ACM},
  volume    = {22},
  number    = {10},
  pages     = {560--570},
  year      = {1979},
  doi       = {10.1145/359156.359164}
}